<record><leader>00000cas a22000007a 4500</leader><controlfield tag="001">23968443</controlfield><controlfield tag="008">910622d18uu1uuuinudn ne      0    0eng d</controlfield><datafield ind1=" " ind2=" " tag="010"><subfield code="a">sn 91099306 </subfield></datafield><datafield ind1=" " ind2=" " tag="040"><subfield code="a">NPI</subfield><subfield code="b">eng</subfield><subfield code="c">NPI</subfield><subfield code="d">OCLCQ</subfield></datafield><datafield ind1=" " ind2=" " tag="042"><subfield code="a">msc</subfield></datafield><datafield ind1="0" ind2=" " tag="130"><subfield code="a">Morning herald (Fort Wayne, Ind.)</subfield></datafield><datafield ind1="1" ind2="4" tag="245"><subfield code="a">The morning herald.</subfield></datafield><datafield ind1=" " ind2=" " tag="260"><subfield code="a">Fort Wayne, Ind. :</subfield><subfield code="b">Herald Print. Co.</subfield></datafield><datafield ind1=" " ind2=" " tag="300"><subfield code="a">v.</subfield></datafield><datafield ind1=" " ind2=" " tag="310"><subfield code="a">Daily (except Mon.)</subfield></datafield><datafield ind1=" " ind2=" " tag="588"><subfield code="a">Description based on: Vol. 1, no. 6 (July 29, 1877).</subfield></datafield><datafield ind1=" " ind2=" " tag="752"><subfield code="a">United States</subfield><subfield code="b">Indiana</subfield><subfield code="c">Allen</subfield><subfield code="d">Fort Wayne.</subfield></datafield></record>